<record xmlns="http://www.loc.gov/MARC21/slim" xmlns:xsi="http://www.w3.org/2001/XMLSchema-instance" xsi:schemaLocation="http://www.loc.gov/MARC21/slim http://www.loc.gov/standards/marcxml/schema/MARC21slim.xsd">

  <leader>00802nam a2200193Ia 4500</leader>
  <datafield ind1=" " ind2=" " tag="999">
    <subfield code="c">623</subfield>
    <subfield code="d">623</subfield>
  </datafield>
  <controlfield tag="008">170316b2009    cr ||||| |||| 00| 0 spa d</controlfield>
  <datafield ind1=" " ind2=" " tag="020">
    <subfield code="a">9789968633031</subfield>
  </datafield>
  <datafield ind2=" " tag="090" ind1=" ">
    <subfield code="a">06.03.06 </subfield>
    <subfield code="b">423</subfield>
  </datafield>
  <datafield tag="100" ind2=" " ind1="1">
    <subfield code="a">Alvarado Cruz, Rocío</subfield>
    <subfield code="9">2551</subfield>
  </datafield>
  <datafield ind2="3" tag="245" ind1="1">
    <subfield code="a">La escuela unidocente: un reto y una oportunidad para la educación en la comunidad rural / </subfield>
    <subfield code="c">Rocío Alvarado Cruz, Arnobio Maya Betancourt CECC/SICA</subfield>
  </datafield>
  <datafield ind1=" " ind2=" " tag="250">
    <subfield code="a">1 edición</subfield>
  </datafield>
  <datafield ind1=" " ind2=" " tag="260">
    <subfield code="a">Costa Rica : </subfield>
    <subfield code="b">Coordinación Educativa y Cultural Centroamericana, CECC/SICA,</subfield>
    <subfield code="c">2009</subfield>
  </datafield>
  <datafield ind1=" " ind2=" " tag="300">
    <subfield code="a">182 páginas</subfield>
  </datafield>
  <datafield tag="490" ind2=" " ind1=" ">
    <subfield code="a">Colección Pedagógica Formación Inicial de Docentes Centroamericanos de Educación Primaria o Básica;</subfield>
    <subfield code="v">48</subfield>
  </datafield>
  <datafield ind2="4" tag="650" ind1="1">
    <subfield code="a">EDUCACIÓN RURAL</subfield>
    <subfield code="9">1665</subfield>
  </datafield>
  <datafield tag="650" ind2="4" ind1="1">
    <subfield code="a">ESCUELAS RURALES</subfield>
    <subfield code="9">1915</subfield>
  </datafield>
  <datafield ind1="1" tag="700" ind2=" ">
    <subfield code="a">Maya Betancourt, Arnobio</subfield>
    <subfield code="9">212</subfield>
  </datafield>
  <datafield ind1=" " tag="942" ind2=" ">
    <subfield code="2">z</subfield>
    <subfield code="c">01</subfield>
  </datafield>
</record>